<?xml version="1.0" encoding="UTF-8"?><collection xmlns="http://www.loc.gov/MARC21/slim"><record><leader>00408nam--2200133-i-4500</leader><controlfield tag="001">000019941</controlfield><controlfield tag="002">20161230</controlfield><controlfield tag="005">20161230201033</controlfield><controlfield tag="008">060222s1000------------r-----000-0-eng-d</controlfield><datafield ind1=" " ind2=" " tag="080"><subfield code="a">550.34(44)</subfield></datafield><datafield ind1=" " ind2=" " tag="100"><subfield code="a">Dufour, Ch.,Eble, L</subfield></datafield><datafield ind1=" " ind2=" " tag="245"><subfield code="a">Observations sismologiques de la static on du parc saint-maur, 1915, 1916,1917,1918,1919, 1920</subfield></datafield><datafield ind1=" " ind2=" " tag="260"><subfield code="a">Sttrasbourg, Imprimerie Alsacienne, 1923. 79 P</subfield></datafield><datafield ind1=" " ind2=" " tag="852"><subfield code="a">47477</subfield></datafield></record></collection>